@FOOTNOTE{Note1,key="Note1",note="More formally, $\protect \boldsymbol  {\protect \mathbf  {\protect \tilde  {M}}} = \protect \boldsymbol  {\protect \mathbf  {\protect \tilde  {\Phi }}}(P_{\protect \rm  LK})$ where $\protect \boldsymbol  {\protect \mathbf  {\protect \tilde  {\Phi }}}(t)$ is the \protect \emph  {principal fundamental matrix solution}: the columns of $\protect \boldsymbol  {\protect \mathbf  {\protect \tilde  {\Phi }}}$ are solutions to Eq.~\protect \textup  {\hbox {\mathsurround \z@ \protect \normalfont  (\ignorespaces \ref {eq:dsdt_weff}\unskip \@@italiccorr )}} and $\protect \boldsymbol  {\protect \mathbf  {\protect \tilde  {\Phi }}}(0)$ is the identity. By linearity, the columns of $\protect \boldsymbol  {\protect \mathbf  {\protect \tilde  {\Phi }}}(t)$ remain orthonormal, while its determinant does not change, so $\protect \boldsymbol  {\protect \mathbf  {\protect \tilde  {M}}}$ is a proper orthogonal matrix, or a rotation matrix."}
@FOOTNOTE{Note2,key="Note2",note="This approximation is suitable for the problem studied in the main text because the only characteristic frequency scale is $j_{\protect \qopname  \relax m{min}}^{-1} \gg 1$, so all Fourier harmonics $\protect \boldsymbol  {\protect \mathbf  {\Omega }}_{\protect \rm  eN}$ for $N \lesssim j_{\protect \qopname  \relax m{min}}^{-1}$ are similar."}
