@article{kushnir,
  title={Dynamical tides reexpressed},
  author={Kushnir, Doron and Zaldarriaga, Matias and Kollmeier, Juna A and Waldman, Roni},
  journal={Monthly Notices of the Royal Astronomical Society},
  volume={467},
  number={2},
  pages={2146--2149},
  year={2017},
  publisher={Oxford University Press}
}
@article{vlf,
  title={Tidal dissipation and evolution of white dwarfs around massive black holes: an eccentric path to tidal disruption},
  author={Vick, Michelle and Lai, Dong and Fuller, Jim},
  journal={Monthly Notices of the Royal Astronomical Society},
  volume={468},
  number={2},
  pages={2296--2310},
  year={2017},
  publisher={Oxford University Press}
}
@article{sl,
  title={Viscoelastic tidal dissipation in giant planets and formation of hot Jupiters through high-eccentricity migration},
  author={Storch, Natalia I and Lai, Dong},
  journal={Monthly Notices of the Royal Astronomical Society},
  volume={438},
  number={2},
  pages={1526--1534},
  year={2013},
  publisher={The Royal Astronomical Society}
}
@article{hut81,
  title={Tidal evolution in close binary systems},
  author={Hut, P},
  journal={Astronomy and Astrophysics},
  volume={99},
  pages={126--140},
  year={1981}
}
@article{vl2,
    author = {Vick, Michelle and Lai, Dong},
    title = "{Dynamical tides in highly eccentric binaries: chaos, dissipation, and quasi-steady state}",
    journal = {Monthly Notices of the Royal Astronomical Society},
    volume = {476},
    number = {1},
    pages = {482-495},
    year = {2018},
    month = {01},
    issn = {0035-8711},
    doi = {10.1093/mnras/sty225},
    url = {https://doi.org/10.1093/mnras/sty225},
    eprint = {https://academic.oup.com/mnras/article-pdf/476/1/482/24243842/sty225.pdf},
}
@article{kumar1998,
  title={On the Orbital Decay of the PSR J0045--7319 Binary},
  author={Kumar, Pawan and Quataert, Eliot J},
  journal={The Astrophysical Journal},
  volume={493},
  number={1},
  pages={412},
  year={1998},
  publisher={IOP Publishing}
}
@article{lai1996,
  title={Orbital Decay of the PSR J0045--7319 Binary System: Age of Radio Pulsar and Initial Spin of Neutron Star},
  author={Lai, Dong},
  journal={The Astrophysical Journal Letters},
  volume={466},
  number={1},
  pages={L35},
  year={1996},
  publisher={IOP Publishing}
}
@article{bell1995psr,
  title={PSR J0045--7319: A dual-line binary radio pulsar},
  author={Bell, JF and Bessell, MS and Stappers, BW and Bailes, M and Kaspi, VM},
  journal={The Astrophysical Journal Letters},
  volume={447},
  number={2},
  pages={L117},
  year={1995},
  publisher={IOP Publishing}
}
@article{thorsett1999neutron,
  title={Neutron star mass measurements. I. Radio pulsars},
  author={Thorsett, Stephen E and Chakrabarty, Deepto},
  journal={The Astrophysical Journal},
  volume={512},
  number={1},
  pages={288},
  year={1999},
  publisher={IOP Publishing}
}
@article{alexander73,
  title={The Weak Friction Approximation and Tidal Evolution in Close Binary Systems},
  author={Alexander, M.E.},
  journal={Astrophysics and Space Science},
  volume={23},
  pages={459},
  year={1973},
  publisher={Springer}
}
