@article{kushnir,
  title={Dynamical tides reexpressed},
  author={Kushnir, Doron and Zaldarriaga, Matias and Kollmeier, Juna A and Waldman, Roni},
  journal={Monthly Notices of the Royal Astronomical Society},
  volume={467},
  number={2},
  pages={2146--2149},
  year={2017},
  publisher={Oxford University Press}
}
@article{vlf,
  title={Tidal dissipation and evolution of white dwarfs around massive black holes: an eccentric path to tidal disruption},
  author={Vick, Michelle and Lai, Dong and Fuller, Jim},
  journal={Monthly Notices of the Royal Astronomical Society},
  volume={468},
  number={2},
  pages={2296--2310},
  year={2017},
  publisher={Oxford University Press}
}
@article{sl,
  title={Viscoelastic tidal dissipation in giant planets and formation of hot Jupiters through high-eccentricity migration},
  author={Storch, Natalia I and Lai, Dong},
  journal={Monthly Notices of the Royal Astronomical Society},
  volume={438},
  number={2},
  pages={1526--1534},
  year={2013},
  publisher={The Royal Astronomical Society}
}
@article{hut,
  title={Tidal evolution in close binary systems},
  author={Hut, P},
  journal={Astronomy and Astrophysics},
  volume={99},
  pages={126--140},
  year={1981}
}
@article{vl2,
    author = {Vick, Michelle and Lai, Dong},
    title = "{Dynamical tides in highly eccentric binaries: chaos, dissipation, and quasi-steady state}",
    journal = {Monthly Notices of the Royal Astronomical Society},
    volume = {476},
    number = {1},
    pages = {482-495},
    year = {2018},
    month = {01},
    issn = {0035-8711},
    doi = {10.1093/mnras/sty225},
    url = {https://doi.org/10.1093/mnras/sty225},
    eprint = {https://academic.oup.com/mnras/article-pdf/476/1/482/24243842/sty225.pdf},
}


