@article{kinoshita,
  title={Motion of the orbital plane of a satellite due to a secular change of the obliquity of its mother planet},
  author={Kinoshita, Hiroshi},
  journal={Celestial Mechanics and Dynamical Astronomy},
  volume={57},
  number={1-2},
  pages={359--368},
  year={1993},
  publisher={Springer}
}
@article{bin_diego,
  title={Suppression of extreme orbital evolution in triple systems with short-range forces},
  author={Liu, Bin and Mu{\~n}oz, Diego J and Lai, Dong},
  journal={Monthly Notices of the Royal Astronomical Society},
  volume={447},
  number={1},
  pages={747--764},
  year={2015},
  publisher={Oxford University Press}
}
@article{bin1,
  title={Spin--Orbit Misalignment of Merging Black Hole Binaries with Tertiary Companions},
  author={Liu, Bin and Lai, Dong},
  journal={The Astrophysical Journal Letters},
  volume={846},
  number={1},
  pages={L11},
  year={2017},
  publisher={IOP Publishing}
}
@article{bin2,
  title={Black Hole and Neutron Star Binary Mergers in Triple Systems: Merger Fraction and Spin--Orbit Misalignment},
  author={Liu, Bin and Lai, Dong},
  journal={The Astrophysical Journal},
  volume={863},
  number={1},
  pages={68},
  year={2018},
  publisher={IOP Publishing}
}
@article{bin3,
  title={Black Hole and Neutron Star Binary Mergers in Triple Systems. II. Merger Eccentricity and Spin--Orbit Misalignment},
  author={Liu, Bin and Lai, Dong and Wang, Yi-Han},
  journal={The Astrophysical Journal},
  volume={881},
  number={1},
  pages={41},
  year={2019},
  publisher={IOP Publishing}
}
@article{storch,
  title={Chaotic dynamics of stellar spin driven by planets undergoing Lidov--Kozai oscillations: resonances and origin of chaos},
  author={Storch, Natalia I and Lai, Dong},
  journal={Monthly Notices of the Royal Astronomical Society},
  volume={448},
  number={2},
  pages={1821--1834},
  year={2015},
  publisher={Oxford University Press}
}
@article{peters1964,
  title={Gravitational radiation and the motion of two point masses},
  author={Peters, Philip Carl},
  journal={Physical Review},
  volume={136},
  number={4B},
  pages={B1224},
  year={1964},
  publisher={APS}
}
@article{anderson2016formation,
  title={Formation and stellar spin-orbit misalignment of hot Jupiters from Lidov--Kozai oscillations in stellar binaries},
  author={Anderson, Kassandra R and Storch, Natalia I and Lai, Dong},
  journal={Monthly Notices of the Royal Astronomical Society},
  volume={456},
  number={4},
  pages={3671--3701},
  year={2016},
  publisher={Oxford University Press}
}
@article{lidov,
  title={The evolution of orbits of artificial satellites of planets under the action of gravitational perturbations of external bodies},
  author={Lidov, Michael L},
  journal={Planetary and Space Science},
  volume={9},
  number={10},
  pages={719--759},
  year={1962},
  publisher={Elsevier}
}
@article{kozai,
  title={Secular perturbations of asteroids with high inclination and eccentricity},
  author={Kozai, Yoshihide},
  journal={The Astronomical Journal},
  volume={67},
  pages={591},
  year={1962}
}
%---- DCC:P190412 / arXiv:2004.08342
@article{LIGOScientific:2020stg,
    author = "Abbott, R. and others",
    collaboration = "LIGO Scientific, Virgo",
    title = "{GW190412: Observation of a Binary-Black-Hole Coalescence with Asymmetric Masses}",
    eprint = "2004.08342",
    archivePrefix = "arXiv",
    journal = {arXiv preprint arXiv:2004.08342},
    primaryClass = "astro-ph.HE",
    reportNumber = "LIGO-P190412",
    month = "4",
    year = "2020"
}
%---- DCC:P170608 / arXiv:1711.05578 / doi:10.3847/2041-8213/aa9f0c
@article{Abbott:2017gyy,
    author = "Abbott, B.. P.. and others",
    collaboration = "LIGO Scientific, Virgo",
    title = "{GW170608: Observation of a 19-solar-mass Binary Black Hole Coalescence}",
    eprint = "1711.05578",
    archivePrefix = "arXiv",
    primaryClass = "astro-ph.HE",
    reportNumber = "LIGO-DOCUMENT-P170608-V8",
    doi = "10.3847/2041-8213/aa9f0c",
    journal = "Astrophys. J.",
    volume = "851",
    number = "2",
    pages = "L35",
    year = "2017"
}
%---- DCC:P170814 / arXiv:1709.09660 / doi:10.1103/PhysRevLett.119.141101
@article{Abbott:2017oio,
    author = "Abbott, B.P. and others",
    collaboration = "LIGO Scientific, Virgo",
    title = "{GW170814: A Three-Detector Observation of Gravitational Waves from a Binary Black Hole Coalescence}",
    eprint = "1709.09660",
    archivePrefix = "arXiv",
    primaryClass = "gr-qc",
    doi = "10.1103/PhysRevLett.119.141101",
    journal = "Phys. Rev. Lett.",
    volume = "119",
    number = "14",
    pages = "141101",
    year = "2017"
}
%---- DCC:P170104 / arXiv:1706.01812 / doi:10.1103/PhysRevLett.118.221101
@article{Abbott:2017vtc,
    author = "Abbott, Benjamin P. and others",
    collaboration = "LIGO Scientific, VIRGO",
    title = "{GW170104: Observation of a 50-Solar-Mass Binary Black Hole Coalescence at Redshift 0.2}",
    eprint = "1706.01812",
    archivePrefix = "arXiv",
    primaryClass = "gr-qc",
    reportNumber = "LIGO-P170104",
    doi = "10.1103/PhysRevLett.118.221101",
    journal = "Phys. Rev. Lett.",
    volume = "118",
    number = "22",
    pages = "221101",
    year = "2017",
    note = "[Erratum: Phys.Rev.Lett. 121, 129901 (2018)]"
}


%---- DCC:P151226 / arXiv:1606.04855 / doi:10.1103/PhysRevLett.116.241103
@article{Abbott:2016nmj,
    author = "Abbott, B. P. and others",
    collaboration = "LIGO Scientific, Virgo",
    title = "{GW151226: Observation of Gravitational Waves from a 22-Solar-Mass Binary Black Hole Coalescence}",
    eprint = "1606.04855",
    archivePrefix = "arXiv",
    primaryClass = "gr-qc",
    reportNumber = "LIGO-P151226",
    doi = "10.1103/PhysRevLett.116.241103",
    journal = "Phys. Rev. Lett.",
    volume = "116",
    number = "24",
    pages = "241103",
    year = "2016"
}
%---- DCC:P1600088 / arXiv:1606.04856 / doi:10.1103/PhysRevX.6.041015
@article{TheLIGOScientific:2016pea,
    author = "Abbott, B.P. and others",
    collaboration = "LIGO Scientific, Virgo",
    title = "{Binary Black Hole Mergers in the first Advanced LIGO Observing Run}",
    eprint = "1606.04856",
    archivePrefix = "arXiv",
    primaryClass = "gr-qc",
    reportNumber = "LIGO-P1600088",
    doi = "10.1103/PhysRevX.6.041015",
    journal = "Phys. Rev. X",
    volume = "6",
    number = "4",
    pages = "041015",
    year = "2016",
    note = "[Erratum: Phys.Rev.X 8, 039903 (2018)]"
}
%---- DCC:P150914 / arXiv:1602.03837 / doi:10.1103/PhysRevLett.116.061102
@article{Abbott:2016blz,
    author = "Abbott, B.P. and others",
    collaboration = "LIGO Scientific, Virgo",
    title = "{Observation of Gravitational Waves from a Binary Black Hole Merger}",
    eprint = "1602.03837",
    archivePrefix = "arXiv",
    primaryClass = "gr-qc",
    reportNumber = "LIGO-P150914",
    doi = "10.1103/PhysRevLett.116.061102",
    journal = "Phys. Rev. Lett.",
    volume = "116",
    number = "6",
    pages = "061102",
    year = "2016"
}
@article{dominik2012double,
  title={Double compact objects. I. The significance of the common envelope on merger rates},
  author={Dominik, Michal and Belczynski, Krzysztof and Fryer, Christopher and Holz, Daniel E and Berti, Emanuele and Bulik, Tomasz and Mandel, Ilya and O'Shaughnessy, Richard},
  journal={The Astrophysical Journal},
  volume={759},
  number={1},
  pages={52},
  year={2012},
  publisher={IOP Publishing}
}
@article{fuller2019most,
  title={Most Black Holes Are Born Very Slowly Rotating},
  author={Fuller, Jim and Ma, Linhao},
  journal={The Astrophysical Journal Letters},
  volume={881},
  number={1},
  pages={L1},
  year={2019},
  publisher={IOP Publishing}
}
@article{S190521g,
  title = {Candidate Electromagnetic Counterpart to the Binary Black Hole Merger Gravitational-Wave Event S190521g},
  author = {Graham, M. J. and Ford, K. E. S. and McKernan, B. and Ross, N. P. and Stern, D. and Burdge, K. and Coughlin, M. and Djorgovski, S. G. and Drake, A. J. and Duev, D. and Kasliwal, M. and Mahabal, A. A. and van Velzen, S. and Belecki, J. and Bellm, E. C. and Burruss, R. and Cenko, S. B. and Cunningham, V. and Helou, G. and Kulkarni, S. R. and Masci, F. J. and Prince, T. and Reiley, D. and Rodriguez, H. and Rusholme, B. and Smith, R. M. and Soumagnac, M. T.},
  journal = {Phys. Rev. Lett.},
  volume = {124},
  issue = {25},
  pages = {251102},
  numpages = {7},
  year = {2020},
  month = {Jun},
  publisher = {American Physical Society},
  doi = {10.1103/PhysRevLett.124.251102},
  url = {https://link.aps.org/doi/10.1103/PhysRevLett.124.251102}
}
@article{yu2020spin,
  title={Spin and Eccentricity Evolution in Triple Systems: from the Lidov-Kozai Interaction to the Final Merger of the Inner Binary},
  author={Yu, Hang and Ma, Sizheng and Giesler, Matthew and Chen, Yanbei},
  journal={arXiv preprint arXiv:2007.12978},
  year={2020}
}
