@article{kinoshita,
  title={Motion of the orbital plane of a satellite due to a secular change of the obliquity of its mother planet},
  author={Kinoshita, Hiroshi},
  journal={Celestial Mechanics and Dynamical Astronomy},
  volume={57},
  number={1-2},
  pages={359--368},
  year={1993},
  publisher={Springer}
}
@article{LML15,
  title={Suppression of extreme orbital evolution in triple systems with short-range forces},
  author={Liu, Bin and Mu{\~n}oz, Diego J and Lai, Dong},
  journal={Monthly Notices of the Royal Astronomical Society},
  volume={447},
  number={1},
  pages={747--764},
  year={2015},
  publisher={Oxford University Press}
}
@article{MLL16,
  title={The formation efficiency of close-in planets via Lidov--Kozai migration: analytic calculations},
  author={Mu{\~n}oz, Diego J and Lai, Dong and Liu, Bin},
  journal={Monthly Notices of the Royal Astronomical Society},
  volume={460},
  number={1},
  pages={1086--1093},
  year={2016},
  publisher={Oxford University Press}
}
@article{LL17,
  title={Spin--Orbit Misalignment of Merging Black Hole Binaries with Tertiary Companions},
  author={Liu, Bin and Lai, Dong},
  journal={The Astrophysical Journal Letters},
  volume={846},
  number={1},
  pages={L11},
  year={2017},
  publisher={IOP Publishing}
}
@article{LL18,
  title={Black Hole and Neutron Star Binary Mergers in Triple Systems: Merger Fraction and Spin--Orbit Misalignment},
  author={Liu, Bin and Lai, Dong},
  journal={The Astrophysical Journal},
  volume={863},
  number={1},
  pages={68},
  year={2018},
  publisher={IOP Publishing}
}
@article{LL19,
       author = {{Liu}, Bin and {Lai}, Dong and {Wang}, Yi-Han},
        title = "{Black Hole and Neutron Star Binary Mergers in Triple Systems. II. Merger Eccentricity and Spin-Orbit Misalignment}",
      journal = {The Astrophysical Journal Letters},
     keywords = {binaries: general, black hole physics, gravitational waves, stars: black holes, stars: kinematics and dynamics, Astrophysics - High Energy Astrophysical Phenomena, General Relativity and Quantum Cosmology},
         year = 2019,
        month = aug,
       volume = {881},
       number = {1},
          eid = {41},
        pages = {41},
          doi = {10.3847/1538-4357/ab2dfb},
archivePrefix = {arXiv},
       eprint = {1905.00427},
 primaryClass = {astro-ph.HE},
       adsurl = {https://ui.adsabs.harvard.edu/abs/2019ApJ...881...41L},
      adsnote = {Provided by the SAO/NASA Astrophysics Data System}
}
@article{storch,
  title={Chaotic dynamics of stellar spin driven by planets undergoing Lidov--Kozai oscillations: resonances and origin of chaos},
  author={Storch, Natalia I and Lai, Dong},
  journal={Monthly Notices of the Royal Astronomical Society},
  volume={448},
  number={2},
  pages={1821--1834},
  year={2015},
  publisher={Oxford University Press}
}
@article{peters1964,
  title={Gravitational radiation and the motion of two point masses},
  author={Peters, Philip Carl},
  journal={Physical Review},
  volume={136},
  number={4B},
  pages={B1224},
  year={1964},
  publisher={APS}
}
@article{anderson2016formation,
  title={Formation and stellar spin-orbit misalignment of hot Jupiters from Lidov--Kozai oscillations in stellar binaries},
  author={Anderson, Kassandra R and Storch, Natalia I and Lai, Dong},
  journal={Monthly Notices of the Royal Astronomical Society},
  volume={456},
  number={4},
  pages={3671--3701},
  year={2016},
  publisher={Oxford University Press}
}
@article{lidov,
  title={The evolution of orbits of artificial satellites of planets under the action of gravitational perturbations of external bodies},
  author={Lidov, Michael L},
  journal={Planetary and Space Science},
  volume={9},
  number={10},
  pages={719--759},
  year={1962},
  publisher={Elsevier}
}
@article{kozai,
  title={Secular perturbations of asteroids with high inclination and eccentricity},
  author={Kozai, Yoshihide},
  journal={The Astronomical Journal},
  volume={67},
  pages={591},
  year={1962}
}
%---- DCC:P150914 / arXiv:1602.03837 / doi:10.1103/PhysRevLett.116.061102
@article{Abbott:2016blz,
  title={GW150914: Implications for the stochastic gravitational-wave background from binary black holes},
  author={Abbott, Benjamin P and Abbott, Richard and Abbott, TD and Abernathy, MR and Acernese, Fausto and Ackley, Kendall and Adams, Carl and Adams, Thomas and Addesso, Paolo and Adhikari, RX and others},
  journal={Physical review letters},
  volume={116},
  number={13},
  pages={131102},
  year={2016},
  publisher={APS}
}
@article{fuller2019most,
  title={Most Black Holes Are Born Very Slowly Rotating},
  author={Fuller, Jim and Ma, Linhao},
  journal={The Astrophysical Journal Letters},
  volume={881},
  number={1},
  pages={L1},
  year={2019},
  publisher={IOP Publishing}
}
@article{S190521g,
  title = {Candidate Electromagnetic Counterpart to the Binary Black Hole Merger Gravitational-Wave Event S190521g},
  author = {Graham, M. J. and Ford, K. E. S. and McKernan, B. and Ross, N. P. and Stern, D. and Burdge, K. and Coughlin, M. and Djorgovski, S. G. and Drake, A. J. and Duev, D. and Kasliwal, M. and Mahabal, A. A. and van Velzen, S. and Belecki, J. and Bellm, E. C. and Burruss, R. and Cenko, S. B. and Cunningham, V. and Helou, G. and Kulkarni, S. R. and Masci, F. J. and Prince, T. and Reiley, D. and Rodriguez, H. and Rusholme, B. and Smith, R. M. and Soumagnac, M. T.},
  journal = {Phys. Rev. Lett.},
  volume = {124},
  issue = {25},
  pages = {251102},
  numpages = {7},
  year = {2020},
  month = {Jun},
  publisher = {American Physical Society},
  doi = {10.1103/PhysRevLett.124.251102},
  url = {https://link.aps.org/doi/10.1103/PhysRevLett.124.251102}
}
@article{abbott2019binary,
  title={Binary black hole population properties inferred from the first and second observing runs of advanced LIGO and advanced Virgo},
  author={Abbott, BP and Abbott, R and Abbott, TD and Abraham, S and Acernese, F and Ackley, K and Adams, C and Adhikari, RX and Adya, VB and Affeldt, C and others},
  journal={The Astrophysical Journal Letters},
  volume={882},
  number={2},
  pages={L24},
  year={2019},
  publisher={IOP Publishing}
}
@article{yu2020spin,
  title={Spin and Eccentricity Evolution in Triple Systems: from the Lidov-Kozai Interaction to the Final Merger of the Inner Binary},
  author={Yu, Hang and Ma, Sizheng and Giesler, Matthew and Chen, Yanbei},
  journal={arXiv}
  year={2020}
}
@article{lipunov1997black,
  title={Black holes and gravitational waves: Possibilities for simultaneous detection using first-generation laser interferometers},
  author={Lipunov, VM and Postnov, KA and Prokhorov, ME},
  journal={Astronomy Letters},
  volume={23},
  pages={492--497},
  year={1997}
}
@article{lipunov2017first,
  title={First gravitational-wave burst GW150914: MASTER optical follow-up observations},
  author={Lipunov, VM and Kornilov, V and Gorbovskoy, E and Buckley, DAH and Tiurina, N and Balanutsa, P and Kuznetsov, A and Greiner, J and Vladimirov, V and Vlasenko, D and others},
  journal={Monthly Notices of the Royal Astronomical Society},
  volume={465},
  number={3},
  pages={3656--3667},
  year={2017},
  publisher={The Royal Astronomical Society}
}
@article{podsiadlowski2003formation,
  title={On the formation and evolution of black hole binaries},
  author={Podsiadlowski, Ph and Rappaport, Saul and Han, Zhanwen},
  journal={Monthly Notices of the Royal Astronomical Society},
  volume={341},
  number={2},
  pages={385--404},
  year={2003},
  publisher={Blackwell Science Ltd Oxford, UK}
}
@article{belczynski2010effect,
  title={The effect of metallicity on the detection prospects for gravitational waves},
  author={Belczynski, Krzysztof and Dominik, Michal and Bulik, Tomasz and O'Shaughnessy, Richard and Fryer, Chris and Holz, Daniel E},
  journal={The Astrophysical Journal Letters},
  volume={715},
  number={2},
  pages={L138},
  year={2010},
  publisher={IOP Publishing}
}
@article{belczynski2016first,
  title={The first gravitational-wave source from the isolated evolution of two stars in the 40--100 solar mass range},
  author={Belczynski, Krzysztof and Holz, Daniel E and Bulik, Tomasz and O'Shaughnessy, Richard},
  journal={Nature},
  volume={534},
  number={7608},
  pages={512--515},
  year={2016},
  publisher={Nature Publishing Group}
}
@article{belczynski2020evolutionary,
  title={Evolutionary roads leading to low effective spins, high black hole masses, and O1/O2 rates for LIGO/Virgo binary black holes},
  author={Belczynski, K and Klencki, J and Fields, CE and Olejak, A and Berti, E and Meynet, G and Fryer, CL and Holz, DE and O'Shaughnessy, R and Brown, DA and others},
  journal={Astronomy \& Astrophysics},
  volume={636},
  pages={A104},
  year={2020},
  publisher={EDP Sciences}
}
@article{dominik2012double,
  title={Double compact objects. I. The significance of the common envelope on merger rates},
  author={Dominik, Michal and Belczynski, Krzysztof and Fryer, Christopher and Holz, Daniel E and Berti, Emanuele and Bulik, Tomasz and Mandel, Ilya and O'Shaughnessy, Richard},
  journal={The Astrophysical Journal},
  volume={759},
  number={1},
  pages={52},
  year={2012},
  publisher={IOP Publishing}
}
@article{dominik2013double,
  title={Double compact objects. II. Cosmological merger rates},
  author={Dominik, Michal and Belczynski, Krzysztof and Fryer, Christopher and Holz, Daniel E and Berti, Emanuele and Bulik, Tomasz and Mandel, Ilya and O'Shaughnessy, Richard},
  journal={The Astrophysical Journal},
  volume={779},
  number={1},
  pages={72},
  year={2013},
  publisher={IOP Publishing}
}
@article{dominik2015double,
  title={Double compact objects. III. Gravitational-wave detection rates},
  author={Dominik, Michal and Berti, Emanuele and O'Shaughnessy, Richard and Mandel, Ilya and Belczynski, Krzysztof and Fryer, Christopher and Holz, Daniel E and Bulik, Tomasz and Pannarale, Francesco},
  journal={The Astrophysical Journal},
  volume={806},
  number={2},
  pages={263},
  year={2015},
  publisher={IOP Publishing}
}
@article{postnov2019black,
  title={Black hole spins in coalescing binary black holes},
  author={Postnov, KA and Kuranov, AG},
  journal={Monthly Notices of the Royal Astronomical Society},
  volume={483},
  number={3},
  pages={3288--3306},
  year={2019},
  publisher={Oxford University Press}
}
@article{zwart1999black,
  title={Black hole mergers in the universe},
  author={Zwart, Simon F Portegies and McMillan, Stephen LW},
  journal={The Astrophysical Journal Letters},
  volume={528},
  number={1},
  pages={L17},
  year={1999},
  publisher={IOP Publishing}
}
@article{o2006binary,
  title={Binary mergers and growth of black holes in dense star clusters},
  author={O'leary, Ryan M and Rasio, Frederic A and Fregeau, John M and Ivanova, Natalia and O'Shaughnessy, Richard},
  journal={The Astrophysical Journal},
  volume={637},
  number={2},
  pages={937},
  year={2006},
  publisher={IOP Publishing}
}
@article{miller2009mergers,
  title={Mergers of stellar-mass black holes in nuclear star clusters},
  author={Miller, M Coleman and Lauburg, Vanessa M},
  journal={The Astrophysical Journal},
  volume={692},
  number={1},
  pages={917},
  year={2009},
  publisher={IOP Publishing}
}
@article{banerjee2010stellar,
  title={Stellar-mass black holes in star clusters: implications for gravitational wave radiation},
  author={Banerjee, Sambaran and Baumgardt, Holger and Kroupa, Pavel},
  journal={Monthly Notices of the Royal Astronomical Society},
  volume={402},
  number={1},
  pages={371--380},
  year={2010},
  publisher={The Royal Astronomical Society}
}
@article{downing2010compact,
  title={Compact binaries in star clusters--I. Black hole binaries inside globular clusters},
  author={Downing, JMB and Benacquista, MJ and Giersz, M and Spurzem, R},
  journal={Monthly Notices of the Royal Astronomical Society},
  volume={407},
  number={3},
  pages={1946--1962},
  year={2010},
  publisher={The Royal Astronomical Society}
}
@article{ziosi2014dynamics,
  title={Dynamics of stellar black holes in young star clusters with different metallicities--II. Black hole--black hole binaries},
  author={Ziosi, Brunetto Marco and Mapelli, Michela and Branchesi, Marica and Tormen, Giuseppe},
  journal={Monthly Notices of the Royal Astronomical Society},
  volume={441},
  number={4},
  pages={3703--3717},
  year={2014},
  publisher={Oxford University Press}
}
@article{rodriguez2015binary,
  title={Binary black hole mergers from globular clusters: implications for Advanced LIGO},
  author={Rodriguez, Carl L and Morscher, Meagan and Pattabiraman, Bharath and Chatterjee, Sourav and Haster, Carl-Johan and Rasio, Frederic A},
  journal={Physical Review Letters},
  volume={115},
  number={5},
  pages={051101},
  year={2015},
  publisher={APS}
}
@article{samsing2017assembly,
  title={On the assembly rate of highly eccentric binary black hole mergers},
  author={Samsing, Johan and Ramirez-Ruiz, Enrico},
  journal={The Astrophysical Journal Letters},
  volume={840},
  number={2},
  pages={L14},
  year={2017},
  publisher={IOP Publishing}
}
@article{samsing2018black,
  title={Black Hole Mergers From Globular Clusters Observable by LISA I: Eccentric Sources Originating From Relativistic N-body Dynamics},
  author={Samsing, Johan and D’Orazio, Daniel J},
  journal={Monthly Notices of the Royal Astronomical Society},
  volume={481},
  number={4},
  pages={5445--5450},
  year={2018},
  publisher={Oxford University Press}
}
@article{rodriguez2018post,
  title={Post-Newtonian Dynamics in Dense Star Clusters: Highly Eccentric, Highly Spinning, and Repeated Binary Black Hole Mergers},
  author={Rodriguez, Carl L and Amaro-Seoane, Pau and Chatterjee, Sourav and Rasio, Frederic A},
  journal={Physical Review Letters},
  volume={120},
  number={15},
  pages={151101},
  year={2018},
  publisher={APS}
}
@article{gondan2018eccentric,
  title={Eccentric Black Hole Gravitational-wave Capture Sources in Galactic Nuclei: Distribution of Binary Parameters},
  author={Gond{\'a}n, L{\'a}szl{\'o} and Kocsis, Bence and Raffai, P{\'e}ter and Frei, Zsolt},
  journal={The Astrophysical Journal},
  volume={860},
  number={1},
  pages={5},
  year={2018},
  publisher={IOP Publishing}
}
@article{blaes2002kozai,
  title={The Kozai mechanism and the evolution of binary supermassive black holes},
  author={Blaes, Omer and Lee, Man Hoi and Socrates, Aristotle},
  journal={The Astrophysical Journal},
  volume={578},
  number={2},
  pages={775},
  year={2002},
  publisher={IOP Publishing}
}
@article{miller2002four,
  title={Four-body effects in globular cluster black hole coalescence},
  author={Miller, M Coleman and Hamilton, Douglas P},
  journal={The Astrophysical Journal},
  volume={576},
  number={2},
  pages={894},
  year={2002},
  publisher={IOP Publishing}
}
@article{wen2003eccentricity,
  title={On the eccentricity distribution of coalescing black hole binaries driven by the Kozai mechanism in globular clusters},
  author={Wen, Linqing},
  journal={The Astrophysical Journal},
  volume={598},
  number={1},
  pages={419},
  year={2003},
  publisher={IOP Publishing}
}
@article{antonini2012secular,
  title={Secular evolution of compact binaries near massive black holes: Gravitational wave sources and other exotica},
  author={Antonini, Fabio and Perets, Hagai B},
  journal={The Astrophysical Journal},
  volume={757},
  number={1},
  pages={27},
  year={2012},
  publisher={IOP Publishing}
}
@article{antonini2017binary,
  title={Binary black hole mergers from field triples: Properties, rates, and the impact of stellar evolution},
  author={Antonini, Fabio and Toonen, Silvia and Hamers, Adrian S},
  journal={The Astrophysical Journal},
  volume={841},
  number={2},
  pages={77},
  year={2017},
  publisher={IOP Publishing}
}
@article{randall2018induced,
  title={Induced Ellipticity for Inspiraling Binary Systems},
  author={Randall, Lisa and Xianyu, Zhong-Zhi},
  journal={The Astrophysical Journal},
  volume={853},
  number={1},
  pages={93},
  year={2018},
  publisher={IOP Publishing}
}
@article{hoang2018black,
  title={Black hole mergers in galactic nuclei induced by the eccentric Kozai--Lidov effect},
  author={Hoang, Bao-Minh and Naoz, Smadar and Kocsis, Bence and Rasio, Frederic A and Dosopoulou, Fani},
  journal={The Astrophysical Journal},
  volume={856},
  number={2},
  pages={140},
  year={2018},
  publisher={IOP Publishing}
}
@article{schmidt2015towards,
  title={Towards models of gravitational waveforms from generic binaries: II. Modelling precession effects with a single effective precession parameter},
  author={Schmidt, Patricia and Ohme, Frank and Hannam, Mark},
  journal={Physical Review D},
  volume={91},
  number={2},
  pages={024043},
  year={2015},
  publisher={APS}
}
@article{antonini2018precessional,
  title={Precessional dynamics of black hole triples: binary mergers with near-zero effective spin},
  author={Antonini, Fabio and Rodriguez, Carl L and Petrovich, Cristobal and Fischer, Caitlin L},
  journal={Monthly Notices of the Royal Astronomical Society: Letters},
  volume={480},
  number={1},
  pages={L58--L62},
  year={2018},
  publisher={Oxford University Press}
}
@article{storch2014chaotic,
  title={Chaotic dynamics of stellar spin in binaries and the production of misaligned hot Jupiters},
  author={Storch, Natalia I and Anderson, Kassandra R and Lai, Dong},
  journal={Science},
  volume={345},
  number={6202},
  pages={1317--1321},
  year={2014},
  publisher={American Association for the Advancement of Science}
}
@article{storch2017dynamics,
  title={Dynamics of stellar spin driven by planets undergoing Lidov--Kozai migration: paths to spin--orbit misalignment},
  author={Storch, Natalia I and Lai, Dong and Anderson, Kassandra R},
  journal={Monthly Notices of the Royal Astronomical Society},
  volume={465},
  number={4},
  pages={3927--3942},
  year={2017},
  publisher={Oxford University Press}
}
@inproceedings{floquet1883equations,
  title={Sur les {\'e}quations diff{\'e}rentielles lin{\'e}aires {\`a} coefficients p{\'e}riodiques},
  author={Floquet, Gaston},
  booktitle={Annales scientifiques de l'{\'E}cole normale sup{\'e}rieure},
  volume={12},
  pages={47--88},
  year={1883}
}
@book{chicone2006ordinary,
  title={Ordinary differential equations with applications},
  author={Chicone, Carmen},
  volume={34},
  year={2006},
  publisher={Springer Science \& Business Media}
}
@article{190521,
  title={Properties and astrophysical implications of the 150M binary black hole merger GW190521},
  author={Abbott, R and Abbott, TD and Abraham, S and Acernese, F and Ackley, K and Adams, C and Adhikari, RX and Adya, VB and Affeldt, C and Agathos, M and others},
  journal={The Astrophysical Journal Letters},
  volume={900},
  number={1},
  pages={L13},
  year={2020},
  publisher={IOP Publishing}
}
@article{magnus1954exponential,
  title={On the exponential solution of differential equations for a linear operator},
  author={Magnus, Wilhelm},
  journal={Communications on pure and applied mathematics},
  volume={7},
  number={4},
  pages={649--673},
  year={1954},
  publisher={Wiley Subscription Services, Inc., A Wiley Company New York}
}
@book{zwillinger2002crc,
  title={CRC standard mathematical tables and formulae},
  author={Zwillinger, Daniel},
  year={2002},
  publisher={CRC press}
}
@article{kalogera2000spin,
  title={Spin-orbit misalignment in close binaries with two compact objects},
  author={Kalogera, Vassiliki},
  journal={The Astrophysical Journal},
  volume={541},
  number={1},
  pages={319},
  year={2000},
  publisher={IOP Publishing}
}
@article{corsaro2017spin,
  title={Spin alignment of stars in old open clusters},
  author={Corsaro, Enrico and Lee, Yueh-Ning and Garc{\'\i}a, Rafael A and Hennebelle, Patrick and Mathur, Savita and Beck, Paul G and Mathis, Stephane and Stello, Dennis and Bouvier, J{\'e}r{\^o}me},
  journal={Nature Astronomy},
  volume={1},
  number={4},
  pages={1--6},
  year={2017},
  publisher={Nature Publishing Group}
}
@article{zackay2019highly,
  title={Highly spinning and aligned binary black hole merger in the Advanced LIGO first observing run},
  author={Zackay, Barak and Venumadhav, Tejaswi and Dai, Liang and Roulet, Javier and Zaldarriaga, Matias},
  journal={Physical Review D},
  volume={100},
  number={2},
  pages={023007},
  year={2019},
  publisher={APS}
}
@article{venumadhav2020new,
  title={New binary black hole mergers in the second observing run of Advanced LIGO and Advanced Virgo},
  author={Venumadhav, Tejaswi and Zackay, Barak and Roulet, Javier and Dai, Liang and Zaldarriaga, Matias},
  journal={Physical Review D},
  volume={101},
  number={8},
  pages={083030},
  year={2020},
  publisher={APS}
}
@article{GW190412,
  title={GW190412: Observation of a Binary-Black-Hole Coalescence with Asymmetric Masses},
  author={Abbott, Benjamin P and Abbott, Richard and Abbott, TD and Abernathy, MR and Acernese, Fausto and Ackley, Kendall and Adams, Carl and Adams, Thomas and Addesso, Paolo and Adhikari, RX and others},
  journal={Physical Review D},
  volume={102},
  pages={043015},
  year={2020},
  publisher={APS}
}
@ARTICLE{bin_misc1,
       author = {{Liu}, Bin and {Lai}, Dong},
        title = "{Hierarchical Black-Hole Mergers in Multiple Systems: Constrain the Formation of GW190412, GW190814 and GW190521-like events}",
      journal = {arXiv}
     keywords = {Astrophysics - High Energy Astrophysical Phenomena, General Relativity and Quantum Cosmology},
         year = 2020,
        month = sep,
          eid = {arXiv:2009.10068},
        pages = {arXiv:2009.10068},
archivePrefix = {arXiv},
       eprint = {2009.10068},
 primaryClass = {astro-ph.HE},
       adsurl = {https://ui.adsabs.harvard.edu/abs/2020arXiv200910068L},
      adsnote = {Provided by the SAO/NASA Astrophysics Data System}
}
@ARTICLE{bin_misc2,
       author = {{Liu}, Bin and {Lai}, Dong},
        title = "{Merging compact binaries near a rotating supermassive black hole: Eccentricity excitation due to apsidal precession resonance}",
  journal={Physical Review D},
     keywords = {Astrophysics - High Energy Astrophysical Phenomena, General Relativity and Quantum Cosmology},
         year = 2020,
        month = jul,
       volume = {102},
       number = {2},
          eid = {023020},
        pages = {023020},
          doi = {10.1103/PhysRevD.102.023020},
archivePrefix = {arXiv},
       eprint = {2004.10205},
 primaryClass = {astro-ph.HE},
       adsurl = {https://ui.adsabs.harvard.edu/abs/2020PhRvD.102b3020L},
      adsnote = {Provided by the SAO/NASA Astrophysics Data System}
}
@ARTICLE{bin_misc3,
       author = {{Liu}, Bin and {Lai}, Dong and {Wang}, Yi-Han},
        title = "{Binary Mergers near a Supermassive Black Hole: Relativistic Effects in Triples}",
      journal = {The Astrophysical Journal Letters},
     keywords = {Astrophysical processes, Gravitation, Gravitational waves, Gravitational wave sources, 104, 661, 678, 677, Astrophysics - High Energy Astrophysical Phenomena, General Relativity and Quantum Cosmology},
         year = 2019,
        month = sep,
       volume = {883},
       number = {1},
          eid = {L7},
        pages = {L7},
          doi = {10.3847/2041-8213/ab40c0},
archivePrefix = {arXiv},
       eprint = {1906.07726},
 primaryClass = {astro-ph.HE},
       adsurl = {https://ui.adsabs.harvard.edu/abs/2019ApJ...883L...7L},
      adsnote = {Provided by the SAO/NASA Astrophysics Data System}
}
@ARTICLE{bin_misc5,
       author = {{Liu}, Bin and {Lai}, Dong},
        title = "{Enhanced black hole mergers in binary-binary interactions}",
  journal={Monthly Notices of the Royal Astronomical Society},
     keywords = {black hole physics, gravitational waves, binaries: general, stars: kinematics and dynamics, Astrophysics - High Energy Astrophysical Phenomena, General Relativity and Quantum Cosmology},
         year = 2019,
        month = mar,
       volume = {483},
       number = {3},
        pages = {4060-4069},
          doi = {10.1093/mnras/sty3432},
archivePrefix = {arXiv},
       eprint = {1809.07767},
 primaryClass = {astro-ph.HE},
       adsurl = {https://ui.adsabs.harvard.edu/abs/2019MNRAS.483.4060L},
      adsnote = {Provided by the SAO/NASA Astrophysics Data System}
}
@article{katz2011long,
  title={Long-term cycling of Kozai-Lidov cycles: extreme eccentricities and inclinations excited by a distant eccentric perturber},
  author={Katz, Boaz and Dong, Subo and Malhotra, Renu},
  journal={Physical Review Letters},
  volume={107},
  number={18},
  pages={181101},
  year={2011},
  publisher={APS}
}
@article{lithwick2011eccentric,
  title={The eccentric Kozai mechanism for a test particle},
  author={Lithwick, Yoram and Naoz, Smadar},
  journal={The Astrophysical Journal},
  volume={742},
  number={2},
  pages={94},
  year={2011},
  publisher={IOP Publishing}
}
@article{antognini2015timescales,
  title={Timescales of Kozai--Lidov oscillations at quadrupole and octupole order in the test particle limit},
  author={Antognini, Joseph MO},
  journal={Monthly Notices of the Royal Astronomical Society},
  volume={452},
  number={4},
  pages={3610--3619},
  year={2015},
  publisher={The Royal Astronomical Society}
}
@article{silsbee2017lidov,
  title={Lidov--Kozai Cycles with Gravitational Radiation: Merging Black Holes in Isolated Triple Systems},
  author={Silsbee, Kedron and Tremaine, Scott},
  journal={The Astrophysical Journal},
  volume={836},
  number={1},
  pages={39},
  year={2017},
  publisher={IOP Publishing}
}
@article{sana2012binary,
  title={Binary interaction dominates the evolution of massive stars},
  author={Sana, Hugues and De Mink, SE and de Koter, Alex and Langer, N and Evans, CJ and Gieles, M and Gosset, Eric and Izzard, RG and Le Bouquin, J-B and Schneider, FRN},
  journal={Science},
  volume={337},
  number={6093},
  pages={444--446},
  year={2012},
  publisher={American Association for the Advancement of Science}
}
@article{el2019discovery,
  title={Discovery of an equal-mass ‘twin’binary population reaching 1000+ au separations},
  author={El-Badry, Kareem and Rix, Hans-Walter and Tian, Haijun and Duch{\^e}ne, Gaspard and Moe, Maxwell},
  journal={Monthly Notices of the Royal Astronomical Society},
  volume={489},
  number={4},
  pages={5822--5857},
  year={2019},
  publisher={Oxford University Press}
}
@article{LIGOO3a,
  title={Population Properties of Compact Objects from the Second LIGO-Virgo Gravitational-Wave Transient Catalog},
  author={Abbott, R and Abbott, TD and Abraham, S and Acernese, F and Ackley, K and Adams, A and Adams, C and Adhikari, RX and Adya, VB and Affeldt, C and others},
  journal={arXiv preprint arXiv:2010.14533},
  year={2020}
}
@article{ford2000secular,
  title={Secular evolution of hierarchical triple star systems},
  author={Ford, Eric B and Kozinsky, Boris and Rasio, Frederic A},
  journal={The Astrophysical Journal},
  volume={535},
  number={1},
  pages={385},
  year={2000},
  publisher={IOP Publishing}
}
@article{moe2017mind,
  title={Mind your Ps and Qs: the interrelation between period (P) and mass-ratio (Q) distributions of binary stars},
  author={Moe, Maxwell and Di Stefano, Rosanne},
  journal={The Astrophysical Journal Supplement Series},
  volume={230},
  number={2},
  pages={15},
  year={2017},
  publisher={IOP Publishing}
}
@article{naoz2012formation,
  title={On the formation of hot Jupiters in stellar binaries},
  author={Naoz, Smadar and Farr, Will M and Rasio, Frederic A},
  journal={The Astrophysical Journal Letters},
  volume={754},
  number={2},
  pages={L36},
  year={2012},
  publisher={IOP Publishing}
}
@unpublished{rodet_inprep,
  title={On the correlation between hot Jupiters and stellar density},
  author={Rodet, Laetitia and Su, Yubo and Lai, Dong},
  year={2021},
  note={in prep}
}
